<?xml version="1.0" encoding="UTF-8"?>
<collection xmlns:xsi="http://www.w3.org/2001/XMLSchema-instance" xsi:schemaLocation="http://www.loc.gov/MARC21/slim http://www.loc.gov/standards/marcxml/schema/MARC21slim.xsd" xmlns="http://www.loc.gov/MARC21/slim">
<record>
  <leader>00873cam a22002051  4500</leader>
  <controlfield tag="001">2760136</controlfield>
  <controlfield tag="003">NNC</controlfield>
  <controlfield tag="005">20160623143805.0</controlfield>
  <controlfield tag="008">001114s1969    iq a          000 0 ara d</controlfield>
  <datafield tag="035" ind1=" " ind2=" ">
    <subfield code="a">(OCoLC)ocm45346733</subfield>
  </datafield>
  <datafield tag="035" ind1=" " ind2=" ">
    <subfield code="9">ARM5873CU</subfield>
  </datafield>
  <datafield tag="035" ind1=" " ind2=" ">
    <subfield code="a">(NNC)2760136</subfield>
  </datafield>
  <datafield tag="040" ind1=" " ind2=" ">
    <subfield code="a">ZCU</subfield>
    <subfield code="c">ZCU</subfield>
  </datafield>
  <datafield tag="090" ind1=" " ind2=" ">
    <subfield code="a">DS79</subfield>
    <subfield code="b">.R39</subfield>
  </datafield>
  <datafield tag="100" ind1="1" ind2=" ">
    <subfield code="a">Rāwī, Musāriʻ.</subfield>
  </datafield>
  <datafield tag="245" ind1="1" ind2="3">
    <subfield code="a">al-Qiyam al-ijtimāʻīyah wa-mushkilāt al-mujtamaʻ al-ʻIrāqī,</subfield>
    <subfield code="b">kamā yarāhā mudarrisū al-ʻulūm al-ijtimāʻīyah fī marḥalat al-dirāsah al-thānawīyah fī al-ʻIrāq,</subfield>
    <subfield code="c">iʻdād Musāriʻ al-Rāwī, Najīb Iskandar Ibrāhīm [wa] Ṣabāḥ Bāqir.</subfield>
  </datafield>
  <datafield tag="260" ind1=" " ind2=" ">
    <subfield code="a">Baghdād :</subfield>
    <subfield code="b">Maṭbaʻat al-Ḥukūmah,</subfield>
    <subfield code="c">1969.</subfield>
  </datafield>
  <datafield tag="300" ind1=" " ind2=" ">
    <subfield code="a">79 p.</subfield>
    <subfield code="b">tables.</subfield>
    <subfield code="c">23 cm.</subfield>
  </datafield>
  <datafield tag="500" ind1=" " ind2=" ">
    <subfield code="a">At head of title: Jāmiʻat Baghdād. Markaz al-Buḥūth al-Tarbawīyah wa-al-Mafsīyah.</subfield>
  </datafield>
  <datafield tag="955" ind1=" " ind2=" ">
    <subfield code="b">CU58121331</subfield>
    <subfield code="d">off,leh</subfield>
    <subfield code="e">DS79 .R39</subfield>
  </datafield>
</record>
</collection>